<?xml version="1.0" encoding="UTF-8"?><collection xmlns="http://www.loc.gov/MARC21/slim"><record><leader>00347nam--2200133-i-4500</leader><controlfield tag="001">000039948</controlfield><controlfield tag="002">20161230</controlfield><controlfield tag="005">20161230201042</controlfield><controlfield tag="008">060222s1000------------r-----000-0-eng-d</controlfield><datafield ind1=" " ind2=" " tag="080"><subfield code="a">001.891.003</subfield></datafield><datafield ind1=" " ind2=" " tag="100"><subfield code="a">Sabin,Cornel</subfield></datafield><datafield ind1=" " ind2=" " tag="245"><subfield code="a">Aspecte si implicatii economice ale cercetarii stiintifice</subfield></datafield><datafield ind1=" " ind2=" " tag="260"><subfield code="a">Bucuresti, Idt.,1970. 113 P</subfield></datafield><datafield ind1=" " ind2=" " tag="852"><subfield code="a">33734</subfield></datafield></record></collection>